@inproceedings{evans2006scalable,
  title={A scalable concurrent malloc (3) implementation for FreeBSD},
  author={Evans, Jason},
  booktitle={Proc. of the bsdcan conference, ottawa, canada},
  year={2006}
}

@inproceedings{kuszmaul2015supermalloc,
  title={SuperMalloc: A super fast multithreaded malloc for 64-bit machines},
  author={Kuszmaul, Bradley C},
  booktitle={Proceedings of the 2015 International Symposium on Memory Management},
  pages={41--55},
  year={2015}
}

@article{berger2000hoard,
  title={Hoard: A scalable memory allocator for multithreaded applications},
  author={Berger, Emery D and McKinley, Kathryn S and Blumofe, Robert D and Wilson, Paul R},
  journal={ACM Sigplan Notices},
  volume={35},
  number={11},
  pages={117--128},
  year={2000},
  publisher={ACM New York, NY, USA}
}

\@article{johnstone1998memory,
  title={The memory fragmentation problem: Solved?},
  author={Johnstone, Mark S and Wilson, Paul R},
  journal={ACM Sigplan Notices},
  volume={34},
  number={3},
  pages={26--36},
  year={1998},
  publisher={ACM New York, NY, USA}
}

@inproceedings{grunwald1993improving,
  title={Improving the cache locality of memory allocation},
  author={Grunwald, Dirk and Zorn, Benjamin and Henderson, Robert},
  booktitle={Proceedings of the ACM SIGPLAN 1993 conference on Programming language design and implementation},
  pages={177--186},
  year={1993}
}

@article{larson1998memory,
  title={Memory allocation for long-running server applications},
  author={Larson, Per-{\AA}ke and Krishnan, Murali},
  journal={ACM SIGPLAN Notices},
  volume={34},
  number={3},
  pages={176--185},
  year={1998},
  publisher={ACM New York, NY, USA}
}

@online{mimallocGit,
  author = {Microsoft Corporation, Daan Leijen},
  title = {Mimalloc-bench},
  year = 2019,
  url = {https://github.com/daanx/mimalloc-bench/tree/master},
  urldate = {2023-05-07}
}

@inproceedings{gay1998memory,
  title={Memory management with explicit regions},
  author={Gay, David and Aiken, Alex},
  booktitle={Proceedings of the ACM SIGPLAN 1998 conference on Programming language design and implementation},
  pages={313--323},
  year={1998}
}

@article{berger2001composing,
  title={Composing high-performance memory allocators},
  author={Berger, Emery D and Zorn, Benjamin G and McKinley, Kathryn S},
  journal={ACM SIGPLAN Notices},
  volume={36},
  number={5},
  pages={114--124},
  year={2001},
  publisher={ACM New York, NY, USA}
}